
@article{igu2024,
  author = {Iguenfer, Fatima Zahra and Benhayoun, Mohammed and Falah, Bouchaib},
  title = {An Overview of MEAN, MERN, and LAMP Stacks: A Comparative Analysis of Architecture, Cost, Learning Curve, and Community Support},
  journal = {Journal of Modern Web Systems},
  year = {2024},
  month = {May},
  volume = {12},
  number = {1},
  pages = {1--10}
}

@misc{jha2025node,
  author       = {Abhishek Kumar Jha},
  title        = {Node.js vs. Django: A Performance and Scalability Comparison},
  year         = {2025},
  month        = apr,
  note         = {Preprint. Available at \url{https://doi.org/10.22541/au.174595468.89155647/v1}},
  howpublished = {MSc Computer Science Dissertation, Preprint}
}

@misc{wikipediaShneiderman2025,
  author       = {{Wikipedia contributors}},
  title        = {Ben Shneiderman},
  year         = {2025},
  month        = jan,
  howpublished = {Wikipedia article},
  note         = {Page version dated 21 January 2025. Available at \url{https://en.wikipedia.org/wiki/Ben_Shneiderman} (accessed 21 August 2025)}
}
@misc{hellweger2015what,
  author        = {Hellweger, Stefan and Wang, Xiaofeng},
  title         = {What is User Experience Really: towards a UX Conceptual Framework},
  year          = {2015},
  eprint        = {1503.01850},
  archivePrefix = {arXiv},
  primaryClass  = {cs.HC},
  note          = {Preprint. Available at \url{https://arxiv.org/abs/1503.01850}}
}
@article{lu2024aiux,
  title   = {AI Assistance for UX: A Literature Review Through Human-Centered AI},
  author  = {Lu, Yuwen and Yang, Yuewen and Zhao, Qinyi and Zhang, Chengzhi and Li, Toby Jia-Jun},
  journal = {arXiv preprint arXiv:2402.06089},
  year    = {2024},
  url     = {https://arxiv.org/abs/2402.06089}
}
@article{WangTahir2020KahootReview,
  author  = {Wang, Alf Inge and Tahir, Rabail},
  title   = {The effect of using Kahoot! for learning -- A literature review},
  journal = {Computers \& Education},
  year    = {2020},
  volume  = {149},
  pages   = {103818},
  doi     = {10.1016/j.compedu.2020.103818}
}

@article{ZhangYu2021KahootEIT,
  author  = {Zhang, Qi and Yu, Zhonggen},
  title   = {A literature review on the influence of Kahoot! on learning outcomes, interaction, and collaboration},
  journal = {Education and Information Technologies},
  year    = {2021},
  volume  = {26},
  pages   = {4507--4535},
  doi     = {10.1007/s10639-021-10459-6}
}

@article{Licorish2018RPTEL,
  author  = {Licorish, Sherlock A. and Owen, Helen E. and Daniel, Ben and George, Jade Li},
  title   = {Students' perception of Kahoot!'s influence on teaching and learning},
  journal = {Research and Practice in Technology Enhanced Learning},
  year    = {2018},
  volume  = {13},
  number  = {9},
  doi     = {10.1186/s41039-018-0078-8}
}

@article{Daradoumis2019CompEduc,
  author  = {Daradoumis, Thanasis and Marqu{\`e}s-Puig, Joan Manuel and Arguedas, Marta and Calvet-Li{\~n}{\'a}n, Laura},
  title   = {Analyzing students' perceptions to improve the design of an automated assessment tool in online distributed programming},
  journal = {Computers \& Education},
  year    = {2019},
  volume  = {128},
  pages   = {159--170},
  doi     = {10.1016/j.compedu.2018.09.021}
}

@article{Johns2015DKG,
  author  = {Johns, Kyoko},
  title   = {Engaging and Assessing Students with Technology: A Review of Kahoot!},
  journal = {The Delta Kappa Gamma Bulletin},
  year    = {2015},
  volume  = {81},
  number  = {4},
  pages   = {89--91}
}

@article{michalski2006effects,
  title   = {The Effects of Graphical Interface Design Characteristics on Human--Computer Interaction Task Efficiency},
  author  = {Michalski, Rafal and Grobelny, Jerzy and Karwowski, Waldemar},
  journal = {International Journal of Industrial Ergonomics},
  year    = {2006},
  volume  = {36},
  pages   = {959--977},
  doi     = {10.1016/j.ergon.2006.06.013}
}

@article{subramanian2014comparison,
  author    = {Subramanian, Priyavahani and Zainuddin, Nursyafeeka and Alatawi, Salem and Javabdeh, Tahmineh and Che Hussin, Ab Razak},
  title     = {A Study of Comparison between Moodle and Blackboard based on Case Studies for Better LMS},
  journal   = {Journal of Information Systems Research and Innovation},
  year      = {2014},
  volume    = {6},
  pages     = {26--33},
  url       = {https://www.researchgate.net/publication/351496304}
}

@article{simon2025assessment,
  author    = {Simon, Patricia D. and Jiang, Juming and Fryer, Luke K. and King, Ronnel B. and Frondozo, Cherry E.},
  title     = {An Assessment of Learning Management System Use in Higher Education: Perspectives from a Comprehensive Sample of Teachers and Students},
  journal   = {Technology, Knowledge and Learning},
  year      = {2025},
  volume    = {30},
  number    = {3},
  pages     = {741--767},
  doi       = {10.1007/s10758-024-09734-5}
}
